@article{roth2020global,
  author = {G. A. Roth and others},
  title = {Global burden of cardiovascular diseases and risk factors, 1990–2019: Update from the GBD 2019 study},
  journal = {J. Amer. College Cardiol.},
  volume = {76},
  number = {25},
  pages = {2982--3021},
  year = {2020}
}

@article{li2020review,
  author = {S. Li and F. Li and S. Tang and W. Xiong},
  title = {A review of computer-aided heart sound detection techniques},
  journal = {Biomed Res. Int.},
  volume = {2020},
  pages = {5846191},
  year = {2020}
}

@incollection{roy2019heart,
  author = {J. K. Roy and T. S. Roy and S. C. Mukhopadhyay},
  title = {Heart sound: Detection and analytical approach towards diseases},
  booktitle = {Modern Sensing Technologies},
  publisher = {Springer},
  year = {2019},
  pages = {103--145}
}

@article{winther2021advanced,
  author = {S. Winther and others},
  title = {Advanced heart sound analysis as a new prognostic marker in stable coronary artery disease},
  journal = {European Heart Journal-Digital Health},
  volume = {2},
  number = {2},
  pages = {279--289},
  year = {2021},
  publisher = {Oxford University Press}
}

@inproceedings{qian2019deep,
  author = {K. Qian and Z. Ren and F. Dong and W.-H. Lai and B. W. Schuller and Y. Yamamoto},
  title = {Deep wavelets for heart sound classification},
  booktitle = {2019 International Symposium on Intelligent Signal Processing and Communication Systems (ISPACS)},
  pages = {1--2},
  year = {2019},
  organization = {IEEE}
}

@article{swarup2018digital,
  author = {S. Swarup and A. N. Makaryus},
  title = {Digital stethoscope: Technology update},
  journal = {Medical Devices: Evidence and Research},
  volume = {11},
  pages = {29--36},
  year = {2018},
  publisher = {Taylor \& Francis}
}

@article{alshamrani2022iot,
  author = {M. Alshamrani},
  title = {IoT and artificial intelligence implementations for remote healthcare monitoring systems: A survey},
  journal = {J. King Saud Univ.- Comput. Inf. Sci.},
  volume = {34},
  number = {8},
  pages = {4687--4701},
  year = {2022}
}

@article{qian2021artificial,
  author = {K. Qian and Z. Zhang and Y. Yamamoto and B. W. Schuller},
  title = {Artificial intelligence internet of things for the elderly},
  journal = {IEEE Signal Process. Mag.},
  volume = {38},
  number = {4},
  pages = {78--88},
  year = {2021}
}

@article{qian2021can,
  author = {K. Qian and T. Koike and K. Yoshiuchi and B. W. Schuller and Y. Yamamoto},
  title = {Can appliances understand the behavior of elderly via machine learning? A feasibility study},
  journal = {IEEE Internet Things J.},
  volume = {8},
  number = {10},
  pages = {8343--8355},
  year = {2021}
}

@article{xu2021federated,
  author = {J. Xu and B. S. Glicksberg and C. Su and P. Walker and J. Bian and F. Wang},
  title = {Federated learning for healthcare informatics},
  journal = {J. Healthcare Inform. Res.},
  volume = {5},
  number = {1},
  pages = {1--19},
  year = {2021}
}

@article{yang2024eyetracking,
  author = {M. Yang and Y. Gao and L. Tang and J. Hou and B. Hu},
  title = {Wearable eye-tracking system for synchronized multimodal data acquisition},
  journal = {IEEE Trans. Circuits Syst. Video Technol.},
  volume = {34},
  number = {6},
  pages = {5146--5159},
  year = {2024}
}

@article{liu2021privacy,
  author = {J. C. Liu and J. Goetz and S. Sen and A. Tewari},
  title = {Learning from others without sacrificing privacy: Simulation comparing centralized and federated machine learning on mobile health data},
  journal = {JMIR mHealth uHealth},
  volume = {9},
  number = {3},
  year = {2021},
  note = {Art. no. e237}
}

@misc{edemekong2024hipaa,
  author = {P. F. Edemekong and P. Annamaraju and M. J. Haydel},
  title = {Health insurance portability and accountability act},
  year = {2024},
  howpublished = {\url{https://www.statpearls.com/point-of-care/22897}}
}

@inproceedings{mcmahan2017fedavg,
  author = {B. McMahan and E. Moore and D. Ramage and S. Hampson and B. A. Y. Arcas},
  title = {Communication-efficient learning of deep networks from decentralized data},
  booktitle = {Proc. Artif. Intell. Statist.},
  pages = {1273--1282},
  year = {2017}
}

@article{zerka2020review,
  author = {F. Zerka and others},
  title = {Systematic review of privacy-preserving distributed machine learning from federated databases in health care},
  journal = {JCO Clin. Cancer Informat.},
  volume = {4},
  pages = {184--200},
  year = {2020}
}

@article{zhang2022federated,
  author = {T. Zhang and L. Gao and C. He and M. Zhang and B. Krishnamachari and A. S. Avestimehr},
  title = {Federated learning for the Internet of Things: Applications, challenges, and opportunities},
  journal = {IEEE Internet Things Mag.},
  volume = {5},
  number = {1},
  pages = {24--29},
  year = {2022}
}

@article{nguyen2022federated,
  author = {D. C. Nguyen and others},
  title = {Federated learning for smart healthcare: A survey},
  journal = {ACM Comput. Surv.},
  volume = {55},
  number = {3},
  pages = {1--37},
  year = {2022}
}

@inproceedings{kulkarni2020survey,
  author = {V. Kulkarni and M. Kulkarni and A. Pant},
  title = {Survey of personalization techniques for federated learning},
  booktitle = {Proc. 4th World Conf. Smart Trends Syst. Secur. Sustainability},
  pages = {794--797},
  year = {2020}
}

@inproceedings{yoo2021personalized,
  author = {J. H. Yoo and others},
  title = {Personalized federated learning with clustering: Non-IID heart rate variability data application},
  booktitle = {Proc. IEEE Int. Conf. Inf. Commun. Technol. Convergence},
  pages = {1046--1051},
  year = {2021}
}

@inproceedings{mori2023multi,
  author = {J. Mori and T. Yoshiyama and R. Furukawa and I. Teranishi},
  title = {Personalized federated learning with multi-branch architecture},
  booktitle = {Proc. IEEE Int. Joint Conf. Neural Netw.},
  pages = {1--8},
  year = {2023}
}

@article{brisimi2018federated,
  author = {T. S. Brisimi and R. Chen and T. Mela and A. Olshevsky and I. C. Paschalidis and W. Shi},
  title = {Federated learning of predictive models from federated electronic health records},
  journal = {Int. J. Med. Inform.},
  volume = {112},
  pages = {59--67},
  year = {2018}
}
@misc{tramel2019federated,
  author = {E. Tramel},
  title = {Federated learning: Rewards \& challenges of distributed private ML},
  howpublished = {Accessed May},
  volume = {28},
  year = {2019},
  note = {Art. no. 2019}
}

@article{huang2019patient,
  author = {L. Huang and A. L. Shea and H. Qian and A. Masurkar and H. Deng and D. Liu},
  title = {Patient clustering improves efficiency of federated machine learning to predict mortality and hospital stay time using distributed electronic medical records},
  journal = {J. Biomed. Inform.},
  volume = {99},
  year = {2019},
  note = {Art. no. 103291}
}

@inproceedings{kim2017tensor,
  author = {Y. Kim and J. Sun and H. Yu and X. Jiang},
  title = {Federated tensor factorization for computational phenotyping},
  booktitle = {Proc. 23rd ACM SIGKDD Int. Conf. Knowl. Discov. Data Mining},
  pages = {887--895},
  year = {2017}
}

@article{tan2023towards,
  author = {A. Z. Tan and H. Yu and L. Cui and Q. Yang},
  title = {Towards personalized federated learning},
  journal = {IEEE Trans. Neural Netw. Learn. Syst.},
  volume = {34},
  number = {12},
  pages = {9587--9603},
  year = {2023},
  month = {Dec.}
}

@inproceedings{huang2022heterogeneous,
  author = {W. Huang and M. Ye and B. Du},
  title = {Learn from others and be yourself in heterogeneous federated learning},
  booktitle = {Proc. IEEE/CVF Conf. Comput. Vis. Pattern Recognit.},
  pages = {10143--10153},
  year = {2022}
}

@article{tao2024depmstat,
  author = {Y. Tao and M. Yang and H. Li and Y. Wu and B. Hu},
  title = {DepMSTAT: Multimodal spatio-temporal attentional transformer for depression detection},
  journal = {IEEE Trans. Knowl. Data Eng.},
  volume = {36},
  number = {7},
  pages = {2956--2966},
  year = {2024},
  month = {Jul.}
}

@article{yang2023tstcca,
  author = {M. Yang and others},
  title = {Trial selection tensor canonical correlation analysis (TSTCCA) for depression recognition with facial expression and pupil diameter},
  journal = {IEEE J. Biomed. Health Inform.},
  note = {early access},
  year = {2023},
  month = {Oct. 05},
  doi = {10.1109/JBHI.2023.3322271}
}

@article{yang2021undisturbed,
  author = {M. Yang and Y. Ma and Z. Liu and H. Cai and X. Hu and B. Hu},
  title = {Undisturbed mental state assessment in the 5G era: A case study of depression detection based on facial expressions},
  journal = {IEEE Wireless Commun.},
  volume = {28},
  number = {3},
  pages = {46--53},
  year = {2021},
  month = {Jun.}
}

@inproceedings{lin2020ensemble,
  author = {T. Lin and L. Kong and S. U. Stich and M. Jaggi},
  title = {Ensemble distillation for robust model fusion in federated learning},
  booktitle = {Proc. Adv. Neural Inf. Process. Syst.},
  pages = {2351--2363},
  year = {2020}
}

@misc{kingma2014adam,
  author = {D. P. Kingma and J. Ba},
  title = {Adam: A method for stochastic optimization},
  year = {2014},
  note = {arXiv:1412.6980}
}

@inproceedings{eyben2010opensmile,
  author = {F. Eyben and M. Wöllmer and B. Schuller},
  title = {Opensmile: The munich versatile and fast open-source audio feature extractor},
  booktitle = {Proc. ACM Multimedia Int. Conf.},
  pages = {1459--1462},
  year = {2010}
}

@inproceedings{clifford2016classification,
  author = {G. D. Clifford and others},
  title = {Classification of normal/abnormal heart sound recordings: The PhysioNet/computing in cardiology challenge 2016},
  booktitle = {Proc. Comput. Cardiol.},
  pages = {609--612},
  year = {2016}
}

@article{liu2016database,
  author = {C. Liu and others},
  title = {An open access database for the evaluation of heart sound algorithms},
  journal = {Physiol. Meas.},
  volume = {37},
  number = {12},
  year = {2016},
  note = {Art. no. 2181}
}

@inproceedings{eyben2013opensmile,
  author = {F. Eyben and F. Weninger and F. Gross and B. Schuller},
  title = {Recent developments in opensmile, the munich open-source multimedia feature extractor},
  booktitle = {Proc. Int. Workshop Trustworthy AI Multimed. Comput.},
  pages = {835--838},
  year = {2013}
}

@inproceedings{schuller2013interspeech,
  author = {B. Schuller and others},
  title = {The INTERSPEECH 2013 computational paralinguistics challenge: Social signals, conflict, emotion, autism},
  booktitle = {Proc. 14th Annu. Conf. Int. Speech Commun. Assoc., Lyon, France},
  pages = {148--152},
  year = {2013}
}

@misc{researchgate2022flhealthcare,
  author = {{ResearchGate}},
  title = {Federated Learning with Healthcare - Figure 3},
  howpublished = {\url{https://www.researchgate.net/figure/Federated-Learning-with-Healthcare_fig4_362752499}},
  note = {Accessed: 2025-07-05},
  year = {2022}
}

@misc{springer2023fig4,
  author = {{Springer Nature}},
  title = {Figure 4 from article 10.1007/s40747-023-01110-7},
  howpublished = {\url{https://media.springernature.com/lw685/springer-static/image/art%3A10.1007%2Fs40747-023-01110-7/MediaObjects/40747_2023_1110_Fig1_HTML.png}},
  note = {Accessed: 2025-07-05},
  year = {2023}
}

@article{wang2023explainability,
  title = {Explainable AI for Phonocardiogram Classification},
  author = {Wang, Li and Zhang, Hao and Chen, Yutong and Clifford, Gari D},
  journal = {IEEE Journal of Biomedical and Health Informatics},
  volume = {27},
  number = {4},
  pages = {1872--1881},
  year = {2023},
  publisher = {IEEE}
}

@article{qiu2022fl,
  title = {Federated Learning for Heart Sound Classification},
  author = {Qiu, Siyu and Wang, Yilin and Liu, Chengyu and Clifford, Gari D},
  journal = {IEEE Transactions on Biomedical Engineering},
  volume = {69},
  number = {8},
  pages = {2562--2572},
  year = {2022},
  publisher = {IEEE}
}

@article{qiu2024thiswork,
  title = {Multi-Class Federated Learning for PCG Analysis with Heterogeneous Models},
  author = {Qiu, Siyu and Your, Coauthors},
  journal = {IEEE Journal of Translational Engineering in Health and Medicine},
  year = {2024},
  note = {Under Review},
  publisher = {IEEE}
}

@article{zhang2021multi,
  title = {Multi-dimensional feature fusion and stacking ensemble mechanism for network intrusion detection},
  author = {Zhang, Hongliang and Li, Jianguo and Liu, Xiaoming and Dong, Chen},
  journal = {Future Generation Computer Systems},
  volume = {122},
  pages = {130--143},
  year = {2021},
  publisher = {Elsevier}
}

@article{ribeiro2020ensemble,
  title = {Ensemble approach based on bagging, boosting and stacking for short-term prediction in agribusiness time series},
  author = {Ribeiro, Mateus Henrique Dal Molin and dos Santos Coelho, Leandro},
  journal = {Applied Soft Computing},
  volume = {86},
  pages = {105837},
  year = {2020},
  publisher = {Elsevier}
}

@article{buhlmann2012bagging,
  title = {Bagging, boosting and ensemble methods},
  author = {B{\"u}hlmann, Peter},
  journal = {Handbook of Computational Statistics: Concepts and Methods},
  pages = {985--1022},
  year = {2012},
  publisher = {Springer}
}

@article{liu2024cps,
  title = {CPS attack detection under limited local information in cyber security: A multi-node multi-class classification ensemble approach},
  author = {Liu, Jia and Tang, Yuan and Zhao, Hong and Wang, Xin and Li, Feng and Zhang, Jun},
  journal = {ACM Transactions on Sensor Networks},
  volume = {20},
  number = {2},
  pages = {1--27},
  year = {2024},
  publisher = {ACM New York, NY}
}
@article{xu2023federated,
  title = {Federated multi-organ segmentation with inconsistent labels},
  author = {Xu, Xiaoxiao and Deng, Howard H and Gateno, Jaime and Yan, Pingkun},
  journal = {IEEE Transactions on Medical Imaging},
  volume = {42},
  number = {10},
  pages = {2948--2960},
  year = {2023},
  publisher = {IEEE}
}

@article{shaik2022fedstack,
  title = {Fedstack: Personalized activity monitoring using stacked federated learning},
  author = {Shaik, Thanveer and Tao, Xiaohui and Higgins, Niall and Gururajan, Raj and Zhou, Xujuan and Acharya, U Rajendra},
  journal = {Knowledge-Based Systems},
  volume = {257},
  pages = {109929},
  year = {2022},
  publisher = {Elsevier}
}

@article{itahara2023distillation,
  title = {Distillation-based semi-supervised federated learning for communication-efficient collaborative training with Non-IID private data},
  author = {Itahara, Sohei and Nishio, Takayuki and Koda, Yusuke and Morikura, Masahiro and Yamamoto, Koji},
  journal = {IEEE Transactions on Wireless Communications},
  volume = {22},
  number = {1},
  pages = {152--165},
  year = {2023},
  publisher = {IEEE}
}

@article{qiu2024heart,
  title = {Heart sound abnormality detection from multi-institutional collaboration: Introducing a federated learning framework},
  author = {Qiu, Wansu and others},
  journal = {IEEE Transactions on Biomedical Engineering},
  year = {2024},
  doi = {10.1109/TBME.2024.3393557}
}

@inproceedings{qiu2022federated,
  title = {A federated learning paradigm for heart sound classification},
  author = {Qiu, Wansu and others},
  booktitle = {2022 44th Annual International Conference of the IEEE Engineering in Medicine \& Biology Society (EMBC)},
  pages = {1045--1048},
  year = {2022},
  organization = {IEEE}
}

@inproceedings{huang2022learn,
  title = {Learn from Others and Be Yourself in Heterogeneous Federated Learning},
  author = {Huang, Wenke and Ye, Mao and Du, Bo},
  booktitle = {Proceedings of the IEEE/CVF Conference on Computer Vision and Pattern Recognition (CVPR)},
  pages = {10143--10153},
  month = {June},
  year = {2022},
  organization = {IEEE},
  url = {https://openaccess.thecvf.com/content/CVPR2022/html/Huang_Learn_From_Others_and_Be_Yourself_in_Heterogeneous_Federated_Learning_CVPR_2022_paper.html}
}

@article{brisimi2018federated,
  title = {Federated learning of predictive models from federated electronic health records},
  author = {Brisimi, Theodora S and Chen, Ruidi and Mela, Theofanie and Olshevsky, Alex and Paschalidis, Ioannis Ch and Shi, Wei},
  journal = {International journal of medical informatics},
  volume = {112},
  pages = {59--67},
  year = {2018},
  publisher = {Elsevier}
}

@article{tramel2019federated,
  title = {Federated learning: Rewards \& challenges of distributed private ML},
  author = {Tramel, Eric},
  journal = {Accessed May},
  volume = {28},
  pages = {2019},
  year = {2019}
}

@article{huang2019patient,
  title = {Patient clustering improves efficiency of federated machine learning to predict mortality and hospital stay time using distributed electronic medical records},
  author = {Huang, Li and Shea, Andrew L and Qian, Huayu and Masurkar, Arjun and Deng, Hao and Liu, Dianbo},
  journal = {Journal of biomedical informatics},
  volume = {99},
  pages = {103291},
  year = {2019},
  publisher = {Elsevier}
}

@article{zhang2021multi,
  title = {Multi-dimensional feature fusion and stacking ensemble mechanism for network intrusion detection},
  author = {Zhang, Hongliang and Li, Jianguo and Liu, Xiaoming and Dong, Chen},
  journal = {Future Generation Computer Systems},
  volume = {122},
  pages = {130--143},
  year = {2021},
  publisher = {Elsevier}
}

@article{ribeiro2020ensemble,
  title = {Ensemble approach based on bagging, boosting and stacking for short-term prediction in agribusiness time series},
  author = {Ribeiro, Mateus Henrique Dal Molin and dos Santos Coelho, Leandro},
  journal = {Applied Soft Computing},
  volume = {86},
  pages = {105837},
  year = {2020},
  publisher = {Elsevier}
}

@article{buhlmann2012bagging,
  title = {Bagging, boosting and ensemble methods},
  author = {B{\"u}hlmann, Peter},
  journal = {Handbook of Computational Statistics: Concepts and Methods},
  pages = {985--1022},
  year = {2012},
  publisher = {Springer}
}

@article{liu2024cps,
  title = {CPS attack detection under limited local information in cyber security: A multi-node multi-class classification ensemble approach},
  author = {Liu, Jia and Tang, Yuan and Zhao, Hong and Wang, Xin and Li, Feng and Zhang, Jun},
  journal = {ACM Transactions on Sensor Networks},
  volume = {20},
  number = {2},
  pages = {1--27},
  year = {2024},
  publisher = {ACM New York, NY}
}

@article{xu2023federated2,
  title = {Federated multi-organ segmentation with inconsistent labels},
  author = {Xu, Xiaoxiao and Deng, Howard H and Gateno, Jaime and Yan, Pingkun},
  journal = {IEEE Transactions on Medical Imaging},
  volume = {42},
  number = {10},
  pages = {2948--2960},
  year = {2023},
  publisher = {IEEE}
}

@article{shaik2022fedstack2,
  title = {Fedstack: Personalized activity monitoring using stacked federated learning},
  author = {Shaik, Thanveer and Tao, Xiaohui and Higgins, Niall and Gururajan, Raj and Zhou, Xujuan and Acharya, U Rajendra},
  journal = {Knowledge-Based Systems},
  volume = {257},
  pages = {109929},
  year = {2022},
  publisher = {Elsevier}
}

@article{itahara2023distillation2,
  title = {Distillation-based semi-supervised federated learning for communication-efficient collaborative training with Non-IID private data},
  author = {Itahara, Sohei and Nishio, Takayuki and Koda, Yusuke and Morikura, Masahiro and Yamamoto, Koji},
  journal = {IEEE Transactions on Wireless Communications},
  volume = {22},
  number = {1},
  pages = {152--165},
  year = {2023},
  publisher = {IEEE}
}

@article{qiu2024heart2,
  title = {Heart sound abnormality detection from multi-institutional collaboration: Introducing a federated learning framework},
  author = {Qiu, Wansu and others},
  journal = {IEEE Transactions on Biomedical Engineering},
  year = {2024},
  doi = {10.1109/TBME.2024.3393557}
}

@inproceedings{qiu2022federated2,
  title = {A federated learning paradigm for heart sound classification},
  author = {Qiu, Wansu and others},
  booktitle = {2022 44th Annual International Conference of the IEEE Engineering in Medicine \& Biology Society (EMBC)},
  pages = {1045--1048},
  year = {2022},
  organization = {IEEE}
}

@article{zhang2022federated,
  title = {Federated learning for the Internet of Things: Applications, challenges, and opportunities},
  author = {Zhang, Tao and Gao, Lei and He, Chaoyang and Zhang, Mi and Krishnamachari, Bhaskar and Avestimehr, A Salman},
  journal = {IEEE Internet of Things Magazine},
  volume = {5},
  number = {1},
  pages = {24--29},
  year = {2022},
  publisher = {IEEE}
}

@article{nguyen2022federated,
  title = {Federated learning for smart healthcare: A survey},
  author = {Nguyen, Dinh C and Pham, Quoc-Viet and Pathirana, Pubudu N and Ding, Ming and Seneviratne, Aruna and Lin, Zhaohui and Dobre, Octavia and Hwang, Won-Joo},
  journal = {ACM Computing Surveys},
  volume = {55},
  number = {3},
  pages = {1--37},
  year = {2022},
  publisher = {ACM New York, NY}
}

@article{qian2021artificial,
  title = {Artificial intelligence internet of things for the elderly},
  author = {Qian, Kun and Zhang, Zixing and Yamamoto, Yoshiharu and Schuller, Bj{\"o}rn W},
  journal = {IEEE Signal Processing Magazine},
  volume = {38},
  number = {4},
  pages = {78--88},
  year = {2021},
  publisher = {IEEE}
}

@article{qian2021can,
  title = {Can appliances understand the behavior of elderly via machine learning? A feasibility study},
  author = {Qian, Kun and Koike, Taiki and Yoshiuchi, Kazuhiro and Schuller, Bj{\"o}rn W and Yamamoto, Yoshiharu},
  journal = {IEEE Internet of Things Journal},
  volume = {8},
  number = {10},
  pages = {8343--8355},
  year = {2021},
  publisher = {IEEE}
}
@article{liu2016open,
  title={An open access database for the evaluation of heart sound algorithms},
  author={Liu, Chengyu and Springer, David B and Li, Qiao and Moody, Benjamin and Juan, Rafael and Chorro, Francisco J and Castells, Francisco and Roig, Jose M and Silva, Ikaro and Johnson, Alistair E W and Clifford, Gari D},
  journal={Physiological Measurement},
  volume={37},
  number={12},
  pages={2181--2213},
  year={2016},
  publisher={IOP Publishing},
  doi={10.1088/0967-3334/37/12/2181}
}



@article{liu2016openaccess,
  title={An open access database for the evaluation of heart sound algorithms},
  author={Liu, Chengyu and Springer, David and Li, Qiao and Moody, Benjamin and Juan, Ricardo Abad and Chorro, Francisco J and Castells, Francisco and Roig, Jos{\'e} Millet and Silva, Ikaro and Johnson, Alistair EW and others},
  journal={Physiological Measurement},
  volume={37},
  number={12},
  pages={2181},
  year={2016},
  publisher={IOP Publishing}
}
